<record><leader>01192cam a2200301   4500</leader><controlfield tag="001">1369638</controlfield><controlfield tag="008">910409s1985    onc               0 eng c</controlfield><datafield ind1=" " ind2=" " tag="035"><subfield code="a">ocm70345011</subfield></datafield><datafield ind1=" " ind2=" " tag="040"><subfield code="b">eng</subfield></datafield><datafield ind1=" " ind2=" " tag="043"><subfield code="a">e-ure---</subfield></datafield><datafield ind1=" " ind2=" " tag="049"><subfield code="a">AEU</subfield><subfield code="b">eng</subfield></datafield><datafield ind1=" " ind2="3" tag="055"><subfield code="a">GT 1570</subfield></datafield><datafield ind1=" " ind2=" " tag="080"><subfield code="a">391:(*50) MAT</subfield></datafield><datafield ind1=" " ind2=" " tag="090"><subfield code="a">GT 1570 M425 1985</subfield><subfield code="b">AEU</subfield></datafield><datafield ind1="0" ind2="0" tag="245"><subfield code="a">Material culture of the peoples of Siberia and the north.</subfield></datafield><datafield ind1=" " ind2=" " tag="260"><subfield code="a">Ottawa :</subfield><subfield code="b">Secretary of State, Translation Bureau,</subfield><subfield code="c">[1985]</subfield></datafield><datafield ind1=" " ind2=" " tag="300"><subfield code="a">23 leaves :</subfield><subfield code="b">ill. ;</subfield><subfield code="c">29 cm.</subfield></datafield><datafield ind1=" " ind2=" " tag="336"><subfield code="a">text</subfield><subfield code="b">txt</subfield><subfield code="2">rdacontent</subfield></datafield><datafield ind1=" " ind2=" " tag="337"><subfield code="a">unmediated</subfield><subfield code="b">n</subfield><subfield code="2">rdamedia</subfield></datafield><datafield ind1=" " ind2=" " tag="338"><subfield code="a">volume</subfield><subfield code="b">nc</subfield><subfield code="2">rdacarrier</subfield></datafield><datafield ind1=" " ind2=" " tag="500"><subfield code="a">Translation of Material'naya kul'tura norodov Sibiri i severa.</subfield></datafield><datafield ind1=" " ind2=" " tag="520"><subfield code="a">This description of the clothing of the Chukchi and other peoples of Siberia and the Soviet North includes illustrations of their traditional clothing.</subfield></datafield><datafield ind1=" " ind2=" " tag="596"><subfield code="a">48</subfield></datafield><datafield ind1=" " ind2="0" tag="650"><subfield code="a">Clothing and dress</subfield><subfield code="z">Russia (Federation)</subfield><subfield code="z">Siberia.</subfield></datafield><datafield ind1=" " ind2="0" tag="650"><subfield code="a">Clothing and dress</subfield><subfield code="z">Russia, Northern.</subfield></datafield><datafield ind1=" " ind2="0" tag="650"><subfield code="a">Costume</subfield><subfield code="z">Sibera.</subfield></datafield><datafield ind1=" " ind2="0" tag="650"><subfield code="a">Costume</subfield><subfield code="z">Russia, Northern.</subfield></datafield><datafield ind1=" " ind2=" " tag="926"><subfield code="a">GT 1570 M425 1985</subfield><subfield code="w">LC</subfield><subfield code="c">1</subfield><subfield code="i">000036560654</subfield><subfield code="d">11/22/2005</subfield><subfield code="e">11/7/2005</subfield><subfield code="l">POLAR</subfield><subfield code="m">UASCITECH</subfield><subfield code="n">3</subfield><subfield code="p">$150.00</subfield><subfield code="r">Y</subfield><subfield code="s">Y</subfield><subfield code="t">BOOK</subfield><subfield code="u">5/28/1991</subfield></datafield></record>